@article{36,
	title={Optimizations of a MIMO relay network},
	author={Behbahani, Alireza Shahan and Merched, Ricardo and Eltawil, Ahmed M},
	journal={IEEE Transactions on Signal Processing},
	volume={56},
	number={10},
	pages={5062--5073},
	year={2008},
	publisher={IEEE}
}

@article{14,
	title={Performance Investigation of Interleaving and BCH code in MIMO System},
	author={Alsahlany, Ali M and Alhasan, Mohammed J and Jalil, Qusay},
	journal={International Journal of Innovative Research in Science, Engineering and Technology},
	volume={7},
	number={6},
	pages={6883--6891},
	year={2018}
}

@inproceedings{49,
	title={Performance evaluation of phase shift keying modulation technique using BCH code, Cyclic code and Hamming code through AWGN channel model in communication system},
	author={Sarnin, Suzi Seroja and Nairn, Nani Fadzlina and Muhamad, Wan Nor Syafizan W},
	booktitle={The 3rd International Conference on Information Sciences and Interaction Sciences},
	pages={60--65},
	year={2010},
	organization={IEEE}
}

@article{32,
	title={Space-time block coding for wireless communications: performance results},
	author={Tarokh, Vahid and Jafarkhani, Hamid and Calderbank, A Robert},
	journal={IEEE Journal on selected areas in communications},
	volume={17},
	number={3},
	pages={451--460},
	year={1999},
	publisher={Citeseer}
}

@article{50,
	title={Is MIMO the future of wireless communications?},
	author={Lawton, George},
	journal={computer},
	volume={37},
	number={7},
	pages={20--22},
	year={2004},
	publisher={IEEE}
}

@book{B8,
	title={MIMO wireless communications over generalized fading channels},
	author={Kumbhani, Brijesh and Kshetrimayum, Rakhesh Singh},
	year={2017},
	publisher={CRC Press}
}

@book{B6,
	title={Fundamentals of wireless communication},
	author={Tse, David and Viswanath, Pramod},
	year={2005},
	publisher={Cambridge university press}
}

@book{B10,
	title={Introduction to Communication Systems},
	author={Madhow, Upamanyu},
	year={2014},
	publisher={Cambridge University Press}
}

@book{B11,
	title={High-performance communication networks},
	author={Walrand, Jean and Varaiya, Pravin Pratap},
	year={2000},
	publisher={Morgan Kaufmann}
}

@inproceedings{51,
	author = {Sugano, Masashi and Eom, Doo and Murata, Masayuki and Miyahara, Hideo},
	year = {1997},
	month = {07},
	pages = {},
	title = {A Combination Scheme of ARQ and FEC for Error Correction of Wireless ATM Networks}
}

@inproceedings{52,
	title={TCP optimization through FEC, ARQ, and transmission power tradeoffs},
	author={Barman, Dhiman and Matta, Ibrahim and Altman, Eitan and El Azouzi, Rachid},
	booktitle={International Conference on Wired/Wireless Internet Communications},
	pages={87--98},
	year={2004},
	organization={Springer}
}

@article{53,
	title={Performance comparison of different forward error correction coding techniques for wireless communication systems},
	author={Kumar, Sanjeev and Gupta, Ragini},
	year={2011},
	publisher={Citeseer}
}

@article{54,
	title={High performance ACS for Viterbi decoder using pipeline T-Algorithm},
	author={Vaithiyanathan, D and Nargis, J and Seshasayanan, R},
	journal={Alexandria Engineering Journal},
	volume={54},
	number={3},
	pages={447--455},
	year={2015},
	publisher={Elsevier}
}



